@article{MLOpacity,
  title={How the machine ‘thinks’: Understanding opacity in machine learning algorithms},
  author={Burrell, Jenna},
  journal={Big Data & Society},
  year={2016},
  doi={https://doi-org.oxy.idm.oclc.org/10.1177/2053951715622512}
}

@article{BlackBoxModels,
  title={Why Are We Using Black Box Models in AI When We Don’t Need To? A Lesson From an Explainable AI Competition},
  author={Rudin, Cynthia},
  journal={Harvard Data Science Review},
  year={2019},
  doi={https://doi.org/10.1162/99608f92.5a8a3a3d}
}
@article{CNNsignificance,
  title={A Survey of Convolutional Neural Networks: Analysis, Applications, and Prospects},
  author={Li, Zhewen},
  journal={IEEE Transactions on Neural Networks and Learning Systems},
  year={2022},
  doi={https://doi.org/10.1109/TNNLS.2021.3084827}
}
@article{ExplorableExplanation,
  title={Explorable Explanations},
  author={Fogh, Jesper},
  journal={Malmo University},
  year={2018},
  oai={oai:DiVA.org:mau-23326}
}
@article{VictorB,
    author = {Victor, Bret},
    title = {Explorable Explanations},
    journal = {Beast of Burden},
    year = {2011},
    URL = {http://worrydream.com/#!/ExplorableExplanations}
}

@article{cnnExplorable,
    author = {Zhijie, J Wang},
    title = {CNN Explainer: Learning Convolutional Neural Networks with Interactive Visualization},
    journal = {IEEE Transactions on Visualization and Computer Graphics},
    year = {2020},
    doi = {https://doi.org/10.48550/arXiv.2004.15004}
}

@misc{3Blue1Brown,
    author = {3Blue1Brown},
    title = {What is Convolution?},
    publisher = {YouTube},
    year = {2022},
    URL = {https://www.youtube.com/watch?v=KuXjwB4LzSA&t=356s}
}

@article{prototyping,
    author = {Houde, Stephanie and Hill, Charles},
    title = {What Do Prototypes Prototype},
    journal = {Apple Computer Inc.},
    year = {1997}
}

@article{UXDesignHandbook,
    author = {Gualtieri, Mike},
    title = {Best Practices in User Experience (UX) Design},
    journal = {Design Compelling User Experiences to Wow Your Customers},
    year = {2007},
    pages = {1-17}
}

@misc{tensorflow2015-whitepaper,
title={ {TensorFlow}: Large-Scale Machine Learning on Heterogeneous Systems},
url={https://www.tensorflow.org/},
note={Software available from tensorflow.org},
author={
    Mart\'{i}n~Abadi and
    Ashish~Agarwal and
    Paul~Barham and
    Eugene~Brevdo and
    Zhifeng~Chen and
    Craig~Citro and
    Greg~S.~Corrado and
    Andy~Davis and
    Jeffrey~Dean and
    Matthieu~Devin and
    Sanjay~Ghemawat and
    Ian~Goodfellow and
    Andrew~Harp and
    Geoffrey~Irving and
    Michael~Isard and
    Yangqing Jia and
    Rafal~Jozefowicz and
    Lukasz~Kaiser and
    Manjunath~Kudlur and
    Josh~Levenberg and
    Dandelion~Man\'{e} and
    Rajat~Monga and
    Sherry~Moore and
    Derek~Murray and
    Chris~Olah and
    Mike~Schuster and
    Jonathon~Shlens and
    Benoit~Steiner and
    Ilya~Sutskever and
    Kunal~Talwar and
    Paul~Tucker and
    Vincent~Vanhoucke and
    Vijay~Vasudevan and
    Fernanda~Vi\'{e}gas and
    Oriol~Vinyals and
    Pete~Warden and
    Martin~Wattenberg and
    Martin~Wicke and
    Yuan~Yu and
    Xiaoqiang~Zheng},
  year={2015},
}

@misc{pythonCNNScratch,
    author = {Samson Zhang},
    title = {Building a neural network FROM SCRATCH (no Tensorflow/Pytorch, just numpy & math)},
    publisher = {YouTube},
    URL = {https://www.youtube.com/watch?v=w8yWXqWQYmU&t=1694s}
}

@book{cognitiveDimension,
    author = {Anderson, L and Krathwohl, D and Airasian, P and Cruikshank, K and Mayer, R and Pintrich, P and Raths, J and Wittrock, M},
    title = {A Taxonomy For Learning, Teaching, and Assessing: A Revision of Bloom's Taxonomy},
    publisher = {Longman Pablishing},
    year = {1992}
}

@misc{ typography,
    title = {USWDS Typography},
    publisher = {U.S. Governement},
    year = {2015},
    URL = {https://accessibility.digital.gov/visual-design/typography/}
}
